@article{CreechHamiehKhungerSinhaStreipelTsang2024,
  title     = {Explicit zero-free regions for automorphic $L$-functions},
  author    = {Creech, Steven and Hamieh, Alia and Khunger, Simran and Sinha, Kaneenika and Streipel, Jakob and Tsang, Kin Ming},
  journal   = {arXiv preprint arXiv:2402.07602},
  year      = {2024}
}
